<?xml version="1.0" encoding="UTF-8"?><record xmlns="http://www.loc.gov/MARC21/slim" xmlns:cinclude="http://apache.org/cocoon/include/1.0" xmlns:zs="http://www.loc.gov/zing/srw/">
  <leader>00611cz  a2200169n  4500</leader>
  <controlfield tag="001">n 2013205033</controlfield>
  <controlfield tag="003">DLC</controlfield>
  <controlfield tag="005">20130517075219.0</controlfield>
  <controlfield tag="008">130516n| azannaabn          |b ana      </controlfield>
  <datafield tag="010" ind1=" " ind2=" ">
    <subfield code="a">n 2013205033</subfield>
  </datafield>
  <datafield tag="040" ind1=" " ind2=" ">
    <subfield code="a">DLC</subfield>
    <subfield code="b">eng</subfield>
    <subfield code="c">DLC</subfield>
    <subfield code="e">rda</subfield>
  </datafield>
  <datafield tag="110" ind1="2" ind2=" ">
    <subfield code="a">Markaz-i Saʻdīʹshināsī</subfield>
  </datafield>
  <datafield tag="377" ind1=" " ind2=" ">
    <subfield code="a">per</subfield>
  </datafield>
  <datafield tag="410" ind1="2" ind2=" ">
    <subfield code="a">‏مرکز سعدى‌شناسى</subfield>
  </datafield>
  <datafield tag="410" ind1="2" ind2=" ">
    <subfield code="a">Saʻdi Shenāsi Center</subfield>
  </datafield>
  <datafield tag="667" ind1=" " ind2=" ">
    <subfield code="a">Non-Latin script reference not evaluated.</subfield>
  </datafield>
  <datafield tag="670" ind1=" " ind2=" ">
    <subfield code="a">Jidāl bā Saʻdī dar ʻaṣr-i tajaddud, 2012:</subfield>
    <subfield code="b">t.p. verso (مرکز سعدى‌شناسى = Markaz-i Saʻdīʹshināsī) added t.p. (Saʻdi Shenāsi Center)</subfield>
  </datafield>
</record>